

@article{bazaraa1981choice,
  title={On the choice of step size in subgradient optimization},
  author={Bazaraa, Mokhtar S and Sherali, Hanif D},
  journal={European Journal of Operational Research},
  volume={7},
  number={4},
  pages={380--388},
  year={1981},
  publisher={Elsevier}
}

@article{nunes2014survey,
  title={A survey of software-defined networking: Past, present, and future of programmable networks},
  author={Nunes, B and Mendonca, Marc and Nguyen, X and Obraczka, Katia and Turletti, Thierry},
  year={2014},
  publisher={IEEE}
}

@inproceedings{heller2012controller,
  title={The controller placement problem},
  author={Heller, Brandon and Sherwood, Rob and McKeown, Nick},
  booktitle={Proceedings of the first workshop on Hot topics in software defined networks},
  pages={7--12},
  year={2012},
  organization={ACM}
}

@inproceedings{ros2014five,
  title={Five nines of southbound reliability in software-defined networks},
  author={Ros, Francisco Javier and Ruiz, Pedro Miguel},
  booktitle={Proceedings of the third workshop on Hot topics in software defined networking},
  pages={31--36},
  year={2014},
  organization={ACM}
}

@article{yao2014capacitated,
  title={On the Capacitated Controller Placement Problem in Software Defined Networks},
  author={Yao, Guang and Bi, Jun and Li, Yuliang and Guo, Luyi},
  year={2014},
  publisher={IEEE}
}

@inproceedings{dixit2013towards,
  title={Towards an elastic distributed SDN controller},
  author={Dixit, Advait and Hao, Fang and Mukherjee, Sarit and Lakshman, TV and Kompella, Ramana},
  booktitle={ACM SIGCOMM Computer Communication Review},
  volume={43},
  number={4},
  pages={7--12},
  year={2013},
  organization={ACM}
}

@inproceedings{koponen2010onix,
  title={Onix: A Distributed Control Platform for Large-scale Production Networks.},
  author={Koponen, Teemu and Casado, Martin and Gude, Natasha and Stribling, Jeremy and Poutievski, Leon and Zhu, Min and Ramanathan, Rajiv and Iwata, Yuichiro and Inoue, Hiroaki and Hama, Takayuki and others},
  booktitle={OSDI},
  volume={10},
  pages={1--6},
  year={2010}
}

@inproceedings{tootoonchian2010hyperflow,
  title={HyperFlow: A distributed control plane for OpenFlow},
  author={Tootoonchian, Amin and Ganjali, Yashar},
  booktitle={Proceedings of the 2010 internet network management conference on Research on enterprise networking},
  pages={3--3},
  year={2010},
  organization={USENIX Association}
}

@inproceedings{levin2012logically,
  title={Logically centralized?: state distribution trade-offs in software defined networks},
  author={Levin, Dan and Wundsam, Andreas and Heller, Brandon and Handigol, Nikhil and Feldmann, Anja},
  booktitle={Proceedings of the first workshop on Hot topics in software defined networks},
  pages={1--6},
  year={2012},
  organization={ACM}
}

@article{karakostas2008faster,
  title={Faster approximation schemes for fractional multicommodity flow problems},
  author={Karakostas, George},
  journal={ACM Transactions on Algorithms (TALG)},
  volume={4},
  number={1},
  pages={13},
  year={2008},
  publisher={ACM}
}

@inproceedings{schmid2013exploiting,
  title={Exploiting locality in distributed sdn control},
  author={Schmid, Stefan and Suomela, Jukka},
  booktitle={Proceedings of the second ACM SIGCOMM workshop on Hot topics in software defined networking},
  pages={121--126},
  year={2013},
  organization={ACM}
}

@inproceedings{jimenez2014controller,
  title={On the controller placement for designing a distributed SDN control layer},
  author={Jimenez, Yury and Cervello-Pastor, Cristina and Garcia, Aurelio J},
  booktitle={Networking Conference, 2014 IFIP},
  pages={1--9},
  year={2014},
  organization={IEEE}
}

@inproceedings{hock2013pareto,
  title={Pareto-optimal resilient controller placement in SDN-based core networks},
  author={Hock, David and Hartmann, Matthias and Gebert, Steffen and Jarschel, Michael and Zinner, Thomas and Tran-Gia, Phuoc},
  booktitle={Teletraffic Congress (ITC), 2013 25th International},
  pages={1--9},
  year={2013},
  organization={IEEE}
}

@article{dukkipati2006flow,
  title={Why flow-completion time is the right metric for congestion control},
  author={Dukkipati, Nandita and McKeown, Nick},
  journal={ACM SIGCOMM Computer Communication Review},
  volume={36},
  number={1},
  pages={59--62},
  year={2006},
  publisher={ACM}
}

@article{knight2011internet,
  title={The internet topology zoo},
  author={Knight, Simon and Nguyen, Hung X and Falkner, Nick and Bowden, Rhys and Roughan, Matthew},
  journal={Selected Areas in Communications, IEEE Journal on},
  volume={29},
  number={9},
  pages={1765--1775},
  year={2011},
  publisher={IEEE}
}

@article{yeganeh2013scalability,
  title={On scalability of software-defined networking},
  author={Yeganeh, Soheil Hassas and Tootoonchian, Amin and Ganjali, Yashar},
  journal={Communications Magazine, IEEE},
  volume={51},
  number={2},
  pages={136--141},
  year={2013},
  publisher={IEEE}
}

@book{gross2008fundamentals,
  title={Fundamentals of queueing theory},
  author={Gross, Donald},
  year={2008},
  publisher={John Wiley \& Sons}
}

@article{fisher2004lagrangian,
  title={The Lagrangian relaxation method for solving integer programming problems},
  author={Fisher, Marshall L},
  journal={Management science},
  volume={50},
  number={12\_supplement},
  pages={1861--1871},
  year={2004},
  publisher={INFORMS}
}

@inproceedings{curtis2011devoflow,
  title={DevoFlow: Scaling flow management for high-performance networks},
  author={Curtis, Andrew R and Mogul, Jeffrey C and Tourrilhes, Jean and Yalagandula, Praveen and Sharma, Puneet and Banerjee, Sujata},
  booktitle={ACM SIGCOMM Computer Communication Review},
  volume={41},
  number={4},
  pages={254--265},
  year={2011},
  organization={ACM}
}

@inproceedings{tavakoli2009applying,
  title={Applying NOX to the Datacenter.},
  author={Tavakoli, Arsalan and Casado, Martin and Koponen, Teemu and Shenker, Scott},
  booktitle={HotNets},
  year={2009}
}

@article{pena1999empirical,
  title={An empirical comparison of four initialization methods for the k-means algorithm},
  author={Pena, Jos{\'e} Manuel and Lozano, Jose Antonio and Larranaga, Pedro},
  journal={Pattern recognition letters},
  volume={20},
  number={10},
  pages={1027--1040},
  year={1999},
  publisher={Elsevier}
}

@article{hartigan1979algorithm,
  title={Algorithm AS 136: A k-means clustering algorithm},
  author={Hartigan, John A and Wong, Manchek A},
  journal={Applied statistics},
  pages={100--108},
  year={1979},
  publisher={JSTOR}
}

@book{kaufman2009finding,
  title={Finding groups in data: an introduction to cluster analysis},
  author={Kaufman, Leonard and Rousseeuw, Peter J},
  volume={344},
  year={2009},
  publisher={John Wiley \& Sons}
}

@book{gross2008fundamentals,
  title={Fundamentals of queueing theory},
  author={Gross, Donald},
  year={2008},
  publisher={John Wiley \& Sons}
}

@article{nunes2014survey,
  title={A survey of software-defined networking: Past, present, and future of programmable networks},
  author={Nunes, B and Mendonca, Marc and Nguyen, X and Obraczka, Katia and Turletti, Thierry},
  year={2014},
  publisher={IEEE}
}

@inproceedings{jain2013b4,
  title={B4: Experience with a globally-deployed software defined WAN},
  author={Jain, Sushant and Kumar, Alok and Mandal, Subhasree and Ong, Joon and Poutievski, Leon and Singh, Arjun and Venkata, Subbaiah and Wanderer, Jim and Zhou, Junlan and Zhu, Min and others},
  booktitle={ACM SIGCOMM Computer Communication Review},
  volume={43},
  number={4},
  pages={3--14},
  year={2013},
  organization={ACM}
}

@inproceedings{tootoonchian2012controller,
  title={On controller performance in software-defined networks},
  author={Tootoonchian, Amin and Gorbunov, Sergey and Ganjali, Yashar and Casado, Martin and Sherwood, Rob},
  booktitle={USENIX Workshop on Hot Topics in Management of Internet, Cloud, and Enterprise Networks and Services (Hot-ICE)},
  volume={54},
  year={2012}
}

@article{sezer2013we,
  title={Are we ready for SDN? Implementation challenges for software-defined networks},
  author={Sezer, Sakir and Scott-Hayward, Sandra and Chouhan, Pushpinder-Kaur and Fraser, Barbara and Lake, David and Finnegan, Jim and Viljoen, Niel and Miller, Marc and Rao, Navneet},
  journal={Communications Magazine, IEEE},
  volume={51},
  number={7},
  pages={36--43},
  year={2013},
  publisher={IEEE}
}




